@INPROCEEDINGS{libro1,
author={G. {Andria} and A. {Di Nisio} and A. M. L. {Lanzolla} and M. {Spadevecchia} and G. {Pascazio} and F. {Antonacci} and G. M. {Sorrentino}},
booktitle={2018 5th IEEE International Workshop on Metrology for AeroSpace (MetroAeroSpace)},
title={Design and Performance Evaluation of Drone Propellers},
year={2018},
volume={},
number={},
pages={407-412},
keywords={aerodynamics;autonomous aerial vehicles;blades;computational fluid dynamics;propellers;three-dimensional printing;drone propellers;fluid dynamics simulation tools;blades;3D printing;thrust;Propellers;Blades;Drones;Rotation measurement;Frequency measurement;Three-dimensional printing;Automotive components;Drones;3D printing;propeller design;performance evaluation;thrust},
doi={10.1109/MetroAeroSpace.2018.8453604},
ISSN={2575-7490},
month={June},}
}

@book{libro2,
  title={Din{\'a}mica de sistemas y control},
  author={Umez-Eronini, E.},
  isbn={9789706860415},
  url={https://books.google.com.pe/books?id=hpOeAAAACAAJ},
  year={2001},
  publisher={Ediciones Paraninfo}
}

@book{libro3,
  title={Feedback Control of Dynamic Systems, Global Edition},
  author={Franklin, G.F. and Powell, J. and Emami-Naeini, A.},
  isbn={9781292068916},
  url={https://books.google.com.pe/books?id=ZV-pBwAAQBAJ},
  year={2015},
  publisher={Pearson Education Limited}
}

@book{libro4,
  title={Ingenier{\'\i}a de control moderna},
  author={Ogata, K.},
  isbn={9788420536781},
  series={Pearson educaci{\'o}n},
  url={https://books.google.com.pe/books?id=QK148EPC\_m0C},
  year={2003},
  publisher={Pearson Educaci{\'o}n}
}

@book{libro5,
  title={Retroalimentaci{\'o}n y sistemas de control},
  author={Distefano, J.J. and Stubberud, A.R. and Williams, I.J.},
  isbn={9789586001014},
  series={Compendios Schaum. Teor{\'\i}a y problemas},
  url={https://books.google.com.pe/books?id=AgMjAAAACAAJ},
  year={1992},
  publisher={McGraw-Hill}
}

@book{kuo1996sistemas,
  title={Sistemas de control autom{\'a}tico},
  author={Kuo, B.C.},
  isbn={9789688807231},
  url={https://books.google.com.pe/books?id=GyWr6cT8SEsC},
  year={1996},
  publisher={Prentice Hall Hispanoamericana}
}

@book{dorf2005sistemas,
  title={Sistemas de control moderno},
  author={Dorf, R.C. and Bishop, R.H. and Canto, S.D. and Canto, R.D.},
  isbn={9788420544014},
  series={Fuera de colecci{\'o}n Out of series},
  url={https://books.google.com.pe/books?id=NPRGAAAACAAJ},
  year={2005},
  publisher={Pearson Educaci{\'o}n}
}
